% Encoding: UTF-8

@Book{Freeman17,
	author       = {Phil Freeman},
	title        = {PureScript by Example},
	year         = {2017},
	subtitle     = {Functional Programming for the Web},
	date      = {2017-09-24},
	addendum = {PDF version}
}

@Book{Haskell11,
	author       = {Miran Lipovaƒça},
	title        = {Learn You a Haskell for Great Good!},
	year         = {2011},
	subtitle     = {A Beginner's Guide},
	url = {http://learnyouahaskell.com/chapters},
	urldate      = {2018-06-16},
	addendum = {Free online version}
}

@WWW{PSModules18,
	author       = {PureScript Documentation},
	title        = {Modules},
	url          = {https://github.com/purescript/documentation/blob/master/language/Modules.md},
	urldate      = {2018-06-12},
}

@WWW{PSDifferences-from-Haskell18,
	author       = {PureScript Documentation},
	title        = {Differences from Haskell},
	url          = {https://github.com/purescript/documentation/blob/master/language/Differences-from-Haskell.md},
	urldate      = {2018-06-13},
}

@WWW{PSSyntax18,
	author       = {PureScript Documentation},
	title        = {Syntax},
	url          = {https://github.com/purescript/documentation/blob/master/language/Syntax.md},
	urldate      = {2018-06-16},
}

@WWW{PSTypes18,
	author       = {PureScript Documentation},
	title        = {Types},
	url          = {https://github.com/purescript/documentation/blob/master/language/Types.md},
	urldate      = {2018-06-16},
}

@WWW{NodeJSModules18,
	author       = {Node.js API},
	title        = {Modules},
	url          = {https://nodejs.org/api/modules.html},
	urldate      = {2018-06-13},
}

@WWW{w3schoolsJSStrictMode18,
	author       = {w3schools},
	title        = {JavaScript Use Strict},
	url          = {https://www.w3schools.com/js/js_strict.asp},
	urldate      = {2018-06-13},
}

@WWW{w3schoolsJSObjectTypes18,
	author       = {w3schools},
	title        = {JavaScript Object Constructors},
	url          = {https://www.w3schools.com/js/js_object_constructors.asp},
	urldate      = {2018-06-20},
}

@WWW{w3schoolsJSDatatypes18,
	author       = {w3schools},
	title        = {JavaScript Data Types},
	url          = {https://www.w3schools.com/js/js_datatypes.asp},
	urldate      = {2018-06-22},
}

@WWW{w3schoolsJSNumbers18,
	author       = {w3schools},
	title        = {JavaScript Numbers},
	url          = {https://www.w3schools.com/js/js_numbers.asp},
	urldate      = {2018-06-23},
}

@WWW{w3schoolsJSReturnStatement18,
	author       = {w3schools},
	title        = {JavaScript return Statement},
	url          = {https://www.w3schools.com/jsref/jsref_return.asp},
	urldate      = {2018-06-23},
}

@WWW{w3schoolsJSUndefined18,
	author       = {w3schools},
	title        = {JavaScript undefined Property},
	url          = {https://www.w3schools.com/jsref/jsref_undefined.asp},
	urldate      = {2018-06-23},
}

@WWW{AdityaBhargava13,
	author       = {Aditya Bhargava},
	title        = {Functors, Applicatives, And Monads In Pictures},
	url          = {http://adit.io/posts/2013-04-17-functors,_applicatives,_and_monads_in_pictures.html},
	urldate      = {2018-06-25},
}

@WWW{HaskellWikiFold18,
	author       = {Haskell Wiki},
	title        = {Fold},
	url          = {https://wiki.haskell.org/Fold},
	urldate      = {2018-06-28},
}




@Comment{jabref-meta: databaseType:biblatex;}
